@book{heidegger1962,
  author = {Martin Heidegger},
  title = {Being and Time},
  year = {1962},
  publisher = {Harper \& Row},
  translator = {John Macquarrie and Edward Robinson},
  note = {Original work published 1927}
}

@incollection{blattner2007,
  author = {William Blattner},
  title = {Temporality},
  booktitle = {A Companion to Heidegger},
  editor = {Hubert L. Dreyfus and Mark A. Wrathall},
  pages = {311--324},
  year = {2007},
  publisher = {Blackwell Publishing}
}

@article{dahlstrom1994,
  author = {Daniel O. Dahlstrom},
  title = {Heidegger's Method: Philosophical Concepts as Formal Indications},
  journal = {The Review of Metaphysics},
  volume = {47},
  number = {4},
  pages = {775--795},
  year = {1994}
}

@book{popper2002,
  author = {Karl R. Popper},
  title = {The Logic of Scientific Discovery},
  year = {2002},
  publisher = {Routledge},
  note = {Original work published 1935}
}

@book{dennett1991,
  author = {Daniel C. Dennett},
  title = {Consciousness Explained},
  year = {1991},
  publisher = {Little, Brown}
}

@book{merleauponty1962,
  author = {Maurice Merleau-Ponty},
  title = {Phenomenology of Perception},
  year = {1962},
  publisher = {Routledge \& Kegan Paul},
  translator = {Colin Smith},
  note = {Original work published 1945}
}

@book{kuhn1996,
  author = {Thomas S. Kuhn},
  title = {The Structure of Scientific Revolutions},
  edition = {3rd},
  year = {1996},
  publisher = {University of Chicago Press}
}

@book{dreyfus1991,
  author = {Hubert L. Dreyfus},
  title = {Being-in-the-World: A Commentary on Heidegger's Being and Time, Division I},
  year = {1991},
  publisher = {MIT Press}
}

@book{hatley2000,
  author = {James Hatley},
  title = {Suffering Witness: The Quandary of Responsibility after the Irreparable},
  year = {2000},
  publisher = {SUNY Press}
}

@book{rorty1991,
  author = {Richard Rorty},
  title = {Essays on Heidegger and Others: Philosophical Papers, Volume 2},
  year = {1991},
  publisher = {Cambridge University Press}
}

@book{taylor1985,
  author = {Charles Taylor},
  title = {Philosophy and the Human Sciences: Philosophical Papers Volume 2},
  year = {1985},
  publisher = {Cambridge University Press}
}

@book{ricoeur1976,
  author = {Paul Ricoeur},
  title = {Interpretation Theory: Discourse and the Surplus of Meaning},
  year = {1976},
  publisher = {Texas Christian University Press}
}