@book{gaus2021open,
  author    = {Gerald Gaus},
  title     = {The Open Society and Its Complexities},
  year      = {2021},
  publisher = {Oxford University Press}
}

@book{muldoon2016social,
  author    = {Ryan Muldoon},
  title     = {Social Contract Theory for a Diverse World: Beyond Tolerance},
  year      = {2016},
  publisher = {Routledge}
}

@book{hawkins2004intelligence,
  author    = {Jeff Hawkins and Sandra Blakeslee},
  title     = {On Intelligence},
  year      = {2004},
  publisher = {Times Books}
}

@book{hawkins2021thousand,
  author    = {Jeff Hawkins and Subutai Ahmad and Yuwei Cui},
  title     = {A Thousand Brains: A New Theory of Intelligence},
  year      = {2021},
  publisher = {Basic Books}
}

@article{ahmad2016neurons,
  author    = {Subutai Ahmad and Jeff Hawkins},
  title     = {How do neurons operate on sparse distributed representations? A mathematical theory of sparsity, neurons and active dendrites},
  journal   = {arXiv preprint arXiv:1601.00720},
  year      = {2016}
}

@book{kauffman1993origins,
  author    = {Stuart A. Kauffman},
  title     = {The Origins of Order: Self-Organization and Selection in Evolution},
  year      = {1993},
  publisher = {Oxford University Press}
}

@book{page2011diversity,
  author    = {Scott E. Page},
  title     = {Diversity and Complexity},
  year      = {2011},
  publisher = {Princeton University Press}
}

@book{scott1998seeing,
  author    = {James C. Scott},
  title     = {Seeing Like a State: How Certain Schemes to Improve the Human Condition Have Failed},
  year      = {1998},
  publisher = {Yale University Press}
}

@book{popper1945open,
  author    = {Karl Popper},
  title     = {The Open Society and Its Enemies},
  year      = {1945},
  publisher = {Routledge}
}

@article{hayek1945use,
  author    = {F. A. Hayek},
  title     = {The Use of Knowledge in Society},
  journal   = {The American Economic Review},
  volume    = {35},
  number    = {4},
  year      = {1945},
  pages     = {519--530}
}
@article{tversky1974judgment,
  author    = {Amos Tversky and Daniel Kahneman},
  title     = {Judgment under Uncertainty: Heuristics and Biases},
  journal   = {Science},
  volume    = {185},
  number    = {4157},
  pages     = {1124--1131},
  year      = {1974}
}

@book{kahneman2011thinking,
  author    = {Daniel Kahneman},
  title     = {Thinking, Fast and Slow},
  year      = {2011},
  publisher = {Farrar, Straus and Giroux}
}