@book{clark2016surfing,
  title={Surfing Uncertainty: Prediction, Action, and the Embodied Mind},
  author={Clark, Andy},
  year={2016},
  publisher={Oxford University Press},
  address={New York},
  url={https://github.com/AlexHorovitz/academic_papers/blob/main/conciousness_final_paper/sources/surfing-uncertainty-prediction-action-and-the-embodied-mind-reprintnbsped-0190933216-9780190933210_compress.pdf}
}

@article{friston2010free,
  title={The free-energy principle: a unified brain theory?},
  author={Friston, Karl},
  journal={Nature Reviews Neuroscience},
  volume={11},
  number={2},
  pages={127--138},
  year={2010},
  publisher={Nature Publishing Group},
  url={https://www.nature.com/articles/nrn2787}

}

@article{hawkins2017theory,
  title={A theory of how columns in the neocortex enable learning the structure of the world},
  author={Hawkins, Jeff and Ahmad, Subutai and Cui, Yuwei},
  journal={Frontiers in Neural Circuits},
  volume={11},
  pages={81},
  year={2017},
  doi={10.3389/fncir.2017.00081}
}

@article{hawkins2016why,
  title={Why neurons have thousands of synapses, a theory of sequence memory in neocortex},
  author={Hawkins, Jeff and Ahmad, Subutai},
  journal={Frontiers in Neural Circuits},
  volume={10},
  pages={23},
  year={2016},
  doi={10.3389/fncir.2016.00023}
}

@misc{ahmad2015properties,
  title={Properties of Sparse Distributed Representations and their Application to Hierarchical Temporal Memory},
  author={Ahmad, Subutai and Hawkins, Jeff},
  year={2015},
  note={Technical Report, Numenta},
  doi={10.48550/arXiv.1503.07469}
}

@article{mountcastle1997columnar,
  title={The columnar organization of the neocortex},
  author={Mountcastle, Vernon B.},
  journal={Brain},
  volume={120},
  number={4},
  pages={701--722},
  year={1997},
  publisher={Oxford University Press},
  doi={10.1093/brain/120.4.701}
}

@article{carls2022where,
  title={Where is it like to be an octopus?},
  author={Carls-Diamante, Sidney},
  journal={Frontiers in Systems Neuroscience},
  volume={16},
  pages={840022},
  year={2022},
  doi={10.3389/fnsys.2022.840022}
}

@article{mather2021octopus,
  title={Octopus consciousness: The role of perceptual richness},
  author={Mather, Jennifer A.},
  journal={NeuroSci},
  volume={2},
  number={3},
  pages={276--290},
  year={2021},
  doi={10.3390/neurosci2030020}
}

@article{huffard2013cephalopod,
  title={Cephalopod neurobiology: An introduction for biologists working in other model systems},
  author={Huffard, Christine L.},
  journal={Invertebrate Neuroscience},
  volume={13},
  pages={11--18},
  year={2013},
  doi={10.1007/s10158-013-0147-z}
}

@article{hawkins2009sequence,
  title={Sequence memory for prediction, inference and behaviour},
  author={Hawkins, Jeff and George, Dileep and Niemasik, Jamie},
  journal={Philosophical Transactions of the Royal Society B: Biological Sciences},
  volume={364},
  number={1521},
  pages={1203--1209},
  year={2009},
  publisher={Royal Society},
  doi={10.1098/rstb.2008.0322}
}

@article{cui2017spatial,
  title={The HTM Spatial Poolerâ€”A neocortical algorithm for online sparse distributed coding},
  author={Cui, Yuwei and Ahmad, Subutai and Hawkins, Jeff},
  journal={Frontiers in Computational Neuroscience},
  volume={11},
  pages={111},
  year={2017},
  doi={10.3389/fncom.2017.00111}
}

@techreport{eggleston2006perceptual,
  title={Perceptual Cognition in the Distributed Cognition (DCOG) Framework: A Study of Dual Coding and Temporal Factors in a Knowledge-Based Memory System},
  author={Eggleston, Robert G. and McCreight, Katherine L.},
  year={2006},
  institution={Air Force Research Laboratory},
  number={AFRL-HE-WP-TR-2006-0122},
  url={https://apps.dtic.mil/sti/tr/pdf/ADA458550.pdf}
}