@book{chalmers1996consciousmind,
  title={The Conscious Mind: In Search of a Fundamental Theory},
  author={Chalmers, David J.},
  year={1996},
  publisher={Oxford University Press},
  address={New York}
}

@article{friston2010freeenergy,
  title={The free-energy principle: a unified brain theory?},
  author={Friston, Karl},
  journal={Nature Reviews Neuroscience},
  volume={11},
  number={2},
  pages={127--138},
  year={2010},
  publisher={Nature Publishing Group}
}

@book{clark2016surfinguncertainty,
  title={Surfing Uncertainty: Prediction, Action, and the Embodied Mind},
  author={Clark, Andy},
  year={2016},
  publisher={Oxford University Press},
  address={Oxford}
}

@book{hawkins2004onintelligence,
  title={On Intelligence},
  author={Hawkins, Jeff and Blakeslee, Sandra},
  year={2004},
  publisher={St. Martin's Press},
  address={New York}
}

@incollection{mountcastle1978mindfulbrain,
  title={An Organizing Principle for Cerebral Function: The Unit Model and the Distributed System},
  author={Mountcastle, Vernon B.},
  booktitle={The Mindful Brain},
  editor={Edelman, Gerald M. and Mountcastle, Vernon B.},
  pages={7--50},
  publisher={MIT Press},
  year={1978},
  address={Cambridge, MA}
}

@article{carls-diamante2022octopusconsciousness,
  title={Where Is It Like to Be an Octopus?},
  author={Carls-Diamante, Sidney},
  journal={Frontiers in Systems Neuroscience},
  volume={16},
  pages={840022},
  year={2022},
  publisher={Frontiers Media}
}

@article{mather2021octopusperception,
  title={Octopus Consciousness: The Role of Perceptual Richness},
  author={Mather, Jennifer A.},
  journal={NeuroSci},
  volume={2},
  number={3},
  pages={276--290},
  year={2021},
  publisher={MDPI}
}

@article{rao1999predictive,
  title={Predictive coding in the visual cortex: a functional interpretation of some extra-classical receptive-field effects},
  author={Rao, Rajesh PN and Ballard, Dana H},
  journal={Nature Neuroscience},
  volume={2},
  number={1},
  pages={79--87},
  year={1999},
  publisher={Nature Publishing Group}
}

@article{friston2005theory,
  title={A theory of cortical responses},
  author={Friston, Karl},
  journal={Philosophical Transactions of the Royal Society B: Biological Sciences},
  volume={360},
  number={1456},
  pages={815--836},
  year={2005},
  publisher={The Royal Society}
}

@article{ahmad2015properties,
  title={Properties of Sparse Distributed Representations and their Application to Hierarchical Temporal Memory},
  author={Ahmad, Subutai and Hawkins, Jeff},
  journal={arXiv preprint},
  volume={arXiv:1503.07469},
  year={2015},
  url={https://arxiv.org/abs/1503.07469}
}

@article{olshausen1996emergence,
  title={Emergence of simple-cell receptive field properties by learning a sparse code for natural images},
  author={Olshausen, Bruno A and Field, David J},
  journal={Nature},
  volume={381},
  number={6583},
  pages={607--609},
  year={1996},
  publisher={Nature Publishing Group}
}

@article{seth2015prediction,
  title={Prediction, inference, and consciousness},
  author={Seth, Anil K},
  journal={Consciousness and Cognition},
  volume={36},
  pages={1--12},
  year={2015},
  publisher={Elsevier}
}

@article{hawkins2016neurons,
  title={Why neurons have thousands of synapses, a theory of sequence memory in neocortex},
  author={Hawkins, Jeff and Ahmad, Subutai},
  journal={Frontiers in Neural Circuits},
  volume={10},
  pages={23},
  year={2016},
  publisher={Frontiers Media}
}

@article{hawkins2017thousand,
  title={A Thousand Brains: A New Theory of Intelligence},
  author={Hawkins, Jeff},
  journal={arXiv preprint},
  volume={arXiv:1707.06208},
  year={2017},
  url={https://arxiv.org/abs/1707.06208}
}

@article{feldman2010attention,
  title={Attention, uncertainty, and free-energy},
  author={Feldman, Harriet and Friston, Karl},
  journal={Frontiers in Human Neuroscience},
  volume={4},
  pages={215},
  year={2010},
  publisher={Frontiers Media}
}

@article{apps2015prediction,
  title={Prediction and the brain: How predictive coding explains attention, social cognition, and the self},
  author={Apps, Matthew A. J. and Tsakiris, Manos},
  journal={Brain Research},
  volume={1626},
  pages={158--176},
  year={2015},
  publisher={Elsevier}
}

@article{hochner2012octopus,
  title={An Embodied View of Octopus Neurobiology},
  author={Hochner, Binyamin},
  journal={Current Biology},
  volume={22},
  number={20},
  pages={R887--R892},
  year={2012},
  publisher={Elsevier}
}

@book{godfrey-smith2016octopus,
  title={Other Minds: The Octopus, the Sea, and the Deep Origins of Consciousness},
  author={Godfrey-Smith, Peter},
  year={2016},
  publisher={Farrar, Straus and Giroux},
  address={New York}
}

@article{zylinski2013arm,
  title={Visual control of arm movement in the octopus},
  author={Zylinski, Sarah and Osorio, Daniel and Shohet, Adam J.},
  journal={Frontiers in Physiology},
  volume={4},
  pages={97},
  year={2013},
  publisher={Frontiers Media}
}

@article{gutnick2011octopus,
  title={Tactile discrimination in the octopus: Fine control of octopus arm movements},
  author={Gutnick, Tamar and Byrne, Ruth A. and Hochner, Binyamin and Kuba, Michael J.},
  journal={Journal of Comparative Physiology A},
  volume={197},
  pages={903--912},
  year={2011},
  publisher={Springer}
}

@article{mather2008octopus,
  title={Cephalopod consciousness: behavioural evidence},
  author={Mather, Jennifer A.},
  journal={Consciousness and Cognition},
  volume={17},
  number={1},
  pages={37--48},
  year={2008},
  publisher={Elsevier}
}

@article{kuba2006playful,
  title={Do octopuses play?},
  author={Kuba, Michael J. and Byrne, Ruth A. and Meisel, Daniela V. and Mather, Jennifer A.},
  journal={Journal of Comparative Psychology},
  volume={120},
  number={3},
  pages={184--190},
  year={2006},
  publisher={American Psychological Association}
}

@article{fidalgomathis2021octopus,
  title={Octopus episodic-like memory: Behavioral evidence and the implications for consciousness},
  author={Fidalgo-Mathies, Javier and Sumbre, Germ{\'a}n},
  journal={Frontiers in Systems Neuroscience},
  volume={15},
  pages={682487},
  year={2021},
  publisher={Frontiers Media}
}

@article{kelman2006polarization,
  title={Polarization signals and the response of marine organisms},
  author={Kelman, E. J. and Osorio, D. and Baddeley, R. J.},
  journal={Marine and Freshwater Behaviour and Physiology},
  volume={39},
  number={1},
  pages={1--14},
  year={2006},
  publisher={Taylor \& Francis}
}

